@article{cai2022theoretical,
  title={Theoretical foundations of t-sne for visualizing high-dimensional clustered data},
  author={Cai, T Tony and Ma, Rong},
  journal={The Journal of Machine Learning Research},
  volume={23},
  number={1},
  pages={13581--13634},
  year={2022},
  publisher={JMLRORG}
}

 @book{pml1Book,
 author = "Kevin P. Murphy",
 title = "Probabilistic Machine Learning: An introduction",
 publisher = "MIT Press",
 year = 2022,
 url = "probml.ai"
}

@book{ESL,
  title={The elements of statistical learning: data mining, inference, and prediction},
  author={Hastie, Trevor and Tibshirani, Robert and Friedman, Jerome H and Friedman, Jerome H},
  volume={2},
  year={2009},
  publisher={Springer}
}
@article{IHM18,
	author = {McInnes, L. and Healy, J. and Melville, J.},
	title = {UMAP: Uniform Manifold Approximation and Projection for Dimension Reduction},
	journal = {Arxiv},
  year    = {2018},
  volume  = {},
  number  = {1802.03426},
  pages   = {1-63},
  url     = {https://arxiv.org/abs/1802.03426}
}

@article{scholkopf1998nonlinear,
  title={Nonlinear component analysis as a kernel eigenvalue problem},
  author={Sch{\"o}lkopf, Bernhard and Smola, Alexander and M{\"u}ller, Klaus-Robert},
  journal={Neural computation},
  volume={10},
  number={5},
  pages={1299--1319},
  year={1998},
  publisher={MIT Press}
}

@article{sra2005generalized,
  title={Generalized nonnegative matrix approximations with Bregman divergences},
  author={Sra, Suvrit and Dhillon, Inderjit},
  journal={Advances in neural information processing systems},
  volume={18},
  year={2005}
}

@article{pearson1901liii,
  title={LIII. On lines and planes of closest fit to systems of points in space},
  author={Pearson, Karl},
  journal={The London, Edinburgh, and Dublin philosophical magazine and journal of science},
  volume={2},
  number={11},
  pages={559--572},
  year={1901},
  publisher={Taylor \& Francis}
}

@article{hotelling1933analysis,
  title={Analysis of a complex of statistical variables into principal components.},
  author={Hotelling, Harold},
  journal={Journal of educational psychology},
  volume={24},
  number={6},
  pages={417},
  year={1933},
  publisher={Warwick \& York}
}

@article{JMLR:v21:19-563,
  author  = {Tianxi Li and Cheng Qian and Elizaveta Levina and Ji Zhu},
  title   = {High-dimensional Gaussian graphical models on network-linked data},
  journal = {Journal of Machine Learning Research},
  year    = {2020},
  volume  = {21},
  number  = {74},
  pages   = {1-45},
  url     = {http://jmlr.org/papers/v21/19-563.html}
}

@article{llorens-bobadilla2015,
	title = {Single-{{Cell Transcriptomics Reveals}} a {{Population}} of {{Dormant Neural Stem Cells}} That {{Become Activated}} upon {{Brain Injury}}},
	volume = {17},
	issn = {1934-5909},
	doi = {10.1016/j.stem.2015.07.002},
	abstract = {Summary
	Heterogeneous pools of adult neural stem cells (NSCs) contribute to brain maintenance and regeneration after injury. The balance of NSC activation and quiescence, as well as the induction of lineage-specific transcription factors, may contribute to diversity of neuronal and glial fates. To identify molecular hallmarks governing these characteristics, we performed single-cell sequencing of an unbiased pool of adult subventricular zone NSCs. This analysis identified a discrete, dormant NSC subpopulation that already expresses distinct combinations of lineage-specific transcription factors during homeostasis. Dormant NSCs enter a primed-quiescent state before activation, which is accompanied by downregulation of glycolytic metabolism, Notch, and BMP signaling and a concomitant upregulation of lineage-specific transcription factors and protein synthesis. In response to brain ischemia, interferon gamma signaling induces dormant NSC subpopulations to enter the primed-quiescent state. This study unveils general principles underlying NSC activation and lineage priming and opens potential avenues for regenerative medicine in the brain.},
	timestamp = {2017-03-03T15:42:45Z},
	number = {3},
	urldate = {2017-03-03},
	journal = {Cell Stem Cell},
	author = {Llorens-Bobadilla, Enric and Zhao, Sheng and Baser, Avni and Saiz-Castro, Gonzalo and Zwadlo, Klara and Martin-Villalba, Ana},
	month = sep,
	year = {2015},
	pages = {329--340},
	file = {ScienceDirect Full Text PDF:/local_sysdisk/gdurif/.zotero/storage/2CPNXCBP/Llorens-Bobadilla et al. - 2015 - Single-Cell Transcriptomics Reveals a Population o.pdf:application/pdf;Llorens_et_al_2015_supp_mat.pdf:/local_sysdisk/gdurif/.zotero/storage/NT8FUDF4/Llorens_et_al_2015_supp_mat.pdf:application/pdf}
}

@inproceedings{van2022probabilistic,
 	title={A Probabilistic Graph Coupling View of Dimension Reduction},
  	author={Van Assel, Hugues and Espinasse, Thibault and Chiquet, Julien and Picard, Franck},
  	journal={Proceddings},
	booktitle = {Advances in Neural Information Processing Systems},
	year = {2022},
}

@article{vandermaaten2008,
	title = {Visualizing {{Data}} Using T-{{SNE}}},
	volume = {9},
	issn = {ISSN 1533-7928},
	timestamp = {2016-08-10T12:22:21Z},
	number = {Nov},
	urldate = {2016-08-10},
	journal = {Journal of Machine Learning Research},
	author = {{van der Maaten}, Laurens and Hinton, Geoffrey},
	year = {2008},
	pages = {2579--2605},
	file = {Full Text PDF:/local_sysdisk/gdurif/.zotero/storage/Z7PDUZS5/Maaten et Hinton - 2008 - Visualizing Data using t-SNE.pdf:application/pdf},
	groups = {00\_thesis\_part2}
}

@article {matten_comparison_2009,
	author = {LJP Van der Maaten and EO Postma and HJ Van den Herik},
	title = {Dimensionality reduction: A comparative review},
	year = {2009},
	publisher = {Technical Report  TR 2009-005},
	journal = {TiCC}
}



@article {kobak_tsne_2018,
	author = {Kobak, Dmitry and Berens, Philipp},
	title = {The art of using t-SNE for single-cell transcriptomics},
	elocation-id = {453449},
	year = {2018},
	doi = {10.1101/453449},
	publisher = {Cold Spring Harbor Laboratory},
	abstract = {Single-cell transcriptomics yields ever growing data sets containing RNA expression levels for thousands of genes from up to hundreds of thousands of cells. Common data analysis pipelines include a dimensionality reduction step for visualising the data in two dimensions, most frequently performed using t-distributed stochastic neighbour embedding (t-SNE). It excels at revealing local structure in high-dimensional data, but naive applications often suffer from severe shortcomings, e.g. the global structure of the data is not represented accurately. Here we describe how to circumvent such pitfalls, and explain a protocol for successful exploratory data analysis using t-SNE. They include PCA initialisation, multi-scale similarity kernels, exaggeration, and downsampling-based initialisation for very large data sets. We use published single-cell RNA-seq data sets to demonstrate that this protocol yields superior results compared to the naive application of t-SNE.},
	URL = {https://www.biorxiv.org/content/early/2018/10/25/453449},
	eprint = {https://www.biorxiv.org/content/early/2018/10/25/453449.full.pdf},
	journal = {bioRxiv}
}


@inproceedings{collins2001,
	title = {A Generalization of Principal Components Analysis to the Exponential Family},
	timestamp = {2016-08-10T11:55:06Z},
	urldate = {2016-05-10},
	booktitle = {Advances in Neural Information Processing Systems},
	author = {Collins, Michael and Dasgupta, Sanjoy and Schapire, Robert E.},
	year = {2001},
	keywords = {checked},
	pages = {617--624},
	file = {Collins_Dasgupta_Schapire_2002_generalization_PCA_exponential_familly.pdf:/local_sysdisk/gdurif/.zotero/storage/MUJEG2I5/Collins_Dasgupta_Schapire_2002_generalization_PCA_exponential_familly.pdf:application/pdf},
	groups = {00\_thesis\_part2}
}

@article{lee1999,
	title = {Learning the Parts of Objects by Non-Negative Matrix Factorization},
	volume = {401},
	copyright = {\textcopyright{} 1999 Nature Publishing Group},
	issn = {0028-0836},
	doi = {10.1038/44565},
	abstract = {Is perception of the whole based on perception of its parts? There is psychological and physiological evidence for parts-based representations in the brain, and certain computational theories of object recognition rely on such representations. But little is known about how brains or computers might learn the parts of objects. Here we demonstrate an algorithm for non-negative matrix factorization that is able to learn parts of faces and semantic features of text. This is in contrast to other methods, such as principal components analysis and vector quantization, that learn holistic, not parts-based, representations. Non-negative matrix factorization is distinguished from the other methods by its use of non-negativity constraints. These constraints lead to a parts-based representation because they allow only additive, not subtractive, combinations. When non-negative matrix factorization is implemented as a neural network, parts-based representations emerge by virtue of two properties: the firing rates of neurons are never negative and synaptic strengths do not change sign.},
	language = {en},
	timestamp = {2016-05-10T15:36:33Z},
	number = {6755},
	urldate = {2016-05-10},
	journal = {Nature},
	author = {Lee, Daniel D. and Seung, H. Sebastian},
	month = oct,
	year = {1999},
	keywords = {checked},
	pages = {788--791},
	file = {Lee_Seung_1999_Learning_parts_of_objects_by_nonnegative_matrix_factorization.pdf:/local_sysdisk/gdurif/.zotero/storage/6SQCZQTJ/Lee_Seung_1999_Learning_parts_of_objects_by_nonnegative_matrix_factorization.pdf:application/pdf},
	groups = {00\_thesis\_part2}
}




@article {rosenberg_splitseq_2017,
	author = {Rosenberg, Alexander B and Roco, Charles and Muscat, Richard A and Kuchina, Anna and Mukherjee, Sumit and Chen, Wei and Peeler, David J and Yao, Zizhen and Tasic, Bosiljka and Sellers, Drew L and Pun, Suzie H and Seelig, Georg},
	title = {Scaling single cell transcriptomics through split pool barcoding},
	elocation-id = {105163},
	year = {2017},
	doi = {10.1101/105163},
	publisher = {Cold Spring Harbor Laboratory},
	URL = {https://www.biorxiv.org/content/early/2017/02/02/105163},
	eprint = {https://www.biorxiv.org/content/early/2017/02/02/105163.full.pdf},
	journal = {bioRxiv}
}


@Article{campbell_hypothalamus_2017,
	Author="Campbell, J. N.  and Macosko, E. Z.  and Fenselau, H.  and Pers, T. H.  and Lyubetskaya, A.  and Tenen, D.  and Goldman, M.  and Verstegen, A. M.  and Resch, J. M.  and McCarroll, S. A.  and Rosen, E. D.  and Lowell, B. B.  and Tsai, L. T. ",
	Title="{{A} molecular census of arcuate hypothalamus and median eminence cell types}",
	Journal="Nat. Neurosci.",
	Year="2017",
	Volume="20",
	Number="3",
	Pages="484--496",
	Month="Mar"
}
@Article{kavioja_2011,
	Author="Kivioja, T.  and Vaharautio, A.  and Karlsson, K.  and Bonke, M.  and Enge, M.  and Linnarsson, S.  and Taipale, J. ",
	Title="{{C}ounting absolute numbers of molecules using unique molecular identifiers}",
	Journal="Nat. Methods",
	Year="2011",
	Volume="9",
	Number="1",
	Pages="72--74",
	Month="Nov"
}


@Article{WN15,
	Author="Wang, Y.  and Navin, N. E. ",
	Title="{{A}dvances and applications of single-cell sequencing technologies}",
	Journal="Mol. Cell",
	Year="2015",
	Volume="58",
	Number="4",
	Pages="598--609",
	Month="May"
}

% 28504683 
@Article{Vallejos_normalization_2017,
	Author="Vallejos, C. A.  and Risso, D.  and Scialdone, A.  and Dudoit, S.  and Marioni, J. C. ",
	Title="{{N}ormalizing single-cell {R}{N}{A} sequencing data: challenges and opportunities}",
	Journal="Nat. Methods",
	Year="2017",
	Volume="14",
	Number="6",
	Pages="565--571",
	Month="Jun"
}



@Article{NSB12,
	Author="Newell, E. W.  and Sigal, N.  and Bendall, S. C.  and Nolan, G. P.  and Davis, M. M. ",
	Title="{{C}ytometry by time-of-flight shows combinatorial cytokine expression and virus-specific cell niches within a continuum of {C}{D}8+ {T} cell phenotypes}",
	Journal="Immunity",
	Year="2012",
	Volume="36",
	Number="1",
	Pages="142--152",
	Month="Jan"
}
@Article{AMC15,
	Author="Arsenio, J.  and Metz, P. J.  and Chang, J. T. ",
	Title="{{A}symmetric {C}ell {D}ivision in {T} {L}ymphocyte {F}ate {D}iversification}",
	Journal="Trends Immunol.",
	Year="2015",
	Volume="36",
	Number="11",
	Pages="670--683",
	Month="Nov"
}


@Article{GLJ11,
	Author="Gattinoni, L.  and Lugli, E.  and Ji, Y.  and Pos, Z.  and Paulos, C. M.  and Quigley, M. F.  and Almeida, J. R.  and Gostick, E.  and Yu, Z.  and Carpenito, C.  and Wang, E.  and Douek, D. C.  and Price, D. A.  and June, C. H.  and Marincola, F. M.  and Roederer, M.  and Restifo, N. P. ",
	Title="{{A} human memory {T} cell subset with stem cell-like properties}",
	Journal="Nat. Med.",
	Year="2011",
	Volume="17",
	Number="10",
	Pages="1290--1297",
	Month="Sep"
}

@Article{HB08,
	Author="Harty, J. T.  and Badovinac, V. P. ",
	Title="{{S}haping and reshaping {C}{D}8+ {T}-cell memory}",
	Journal="Nat. Rev. Immunol.",
	Year="2008",
	Volume="8",
	Number="2",
	Pages="107--119",
	Month="Feb"
}


@article{RN5909,
	author = {Mandic, A. and Strebinger, D. and Regali, C. and Phillips, N. E. and Suter, D. M.},
	title = {A novel method for quantitative measurements of gene expression in single living cells},
	journal = {Methods},
	volume = {120},
	pages = {65-75},
	ISSN = {1095-9130 (Electronic)
	1046-2023 (Linking)},
	DOI = {10.1016/j.ymeth.2017.04.008},
	url = {https://www.ncbi.nlm.nih.gov/pubmed/28456689},
	year = {2017},
	type = {Journal Article}
}


@article{RN5943,
	author = {Mak, H. C.},
	title = {Clouds, Continuums, and Cells},
	journal = {Cell Syst},
	volume = {4},
	number = {3},
	pages = {251},
	ISSN = {2405-4712 (Print)
	2405-4712 (Linking)},
	DOI = {10.1016/j.cels.2017.03.008},
	url = {https://www.ncbi.nlm.nih.gov/pubmed/28334571},
	year = {2017},
	type = {Journal Article}
}



@Article{HCAC2017Human,
	Author="Regev, A.  and Teichmann, S. A.  and Lander, E. S.  and Amit, I.  et al. ",
	Title="{{T}he {H}uman {C}ell {A}tlas}",
	Journal="Elife",
	Year="2017",
	Volume="6",
	Month="12"
}



@Article{MQW11,
	Author="Marko, N. F.  and Quackenbush, J.  and Weil, R. J. ",
	Title="{{W}hy is there a lack of consensus on molecular subgroups of glioblastoma? {U}nderstanding the nature of biological and statistical variability in glioblastoma expression data}",
	Journal="PLoS ONE",
	Year="2011",
	Volume="6",
	Number="7",
	Pages="e20826"
}



@article{PRL05,
	title={A statistical approach for array CGH data analysis},
	author={Picard, Franck and Robin, Stephane and Lavielle, Marc and Vaisse, Christian and Daudin, Jean-Jacques},
	journal={BMC bioinformatics},
	volume={6},
	number={1},
	pages={27},
	year={2005},
	publisher={BioMed Central},
	category={article},
	subject={segmentation}
}


@article{DPR08,
	title={A mixture model for random graphs},
	author={Daudin, J-J and Picard, Franck and Robin, St{\'e}phane},
	journal={Statistics and computing},
	volume={18},
	number={2},
	pages={173--183},
	year={2008},
	publisher={Springer Netherlands},
	category={article},
	subject={networks}
}



@article{MKZ16,
	title={SEX-DETector: a probabilistic approach to study sex chromosomes in non-model organisms},
	author={Muyle, Aline and K{\"a}fer, Jos and Zemp, Niklaus and Mousset, Sylvain and Picard, Franck and Marais, Gabriel AB},
	journal={Genome biology and evolution},
	volume={8},
	number={8},
	pages={2530--2543},
	year={2016},
	publisher={Oxford University Press},
	category={article},
	subject={genomics}
}


@Article{CSB17,
	Author="Chan, T. E.  and Stumpf, M. P. H.  and Babtie, A. C. ",
	Title="{{G}ene {R}egulatory {N}etwork {I}nference from {S}ingle-{C}ell {D}ata {U}sing {M}ultivariate {I}nformation {M}easures}",
	Journal="Cell Syst",
	Year="2017",
	Volume="5",
	Number="3",
	Pages="251--267",
	Month="Sep"
}

@book{G14,
	author    = {Christophe Giraud},
	title     = {Introduction to High-Dimensional Statistics},
	publisher = {Chapman and Hall/CRC},
	year      = {2014}
}


@Article{BPS18,
	author="Van den Berge, Koen and Perraudeau, Fanny and Soneson, Charlotte and Love, Michael I. and Risso, Davide and Vert, Jean-Philippe and Robinson, Mark D. and Dudoit, Sandrine and Clement, Lieven",
	title="Observation weights unlock bulk RNA-seq tools for zero inflation and single-cell applications",
	journal="Genome Biology",
	year="2018",
	month="Feb",
	day="26",
	volume="19",
	number="1",
	pages="24"
}


@Article{WT09,
	Author="Witten, D. M.  and Tibshirani, R. J. ",
	Title="{{E}xtensions of sparse canonical correlation analysis with applications to genomic data}",
	Journal="Stat Appl Genet Mol Biol",
	Year="2009",
	Volume="8",
	Pages="Article28"
}



@Article{WHP17,
	Author="Welch, J. D.  and Hartemink, A. J.  and Prins, J. F. ",
	Title="{{M}{A}{T}{C}{H}{E}{R}: manifold alignment reveals correspondence between single cell transcriptome and epigenome dynamics}",
	Journal="Genome Biol.",
	Year="2017",
	Volume="18",
	Number="1",
	Pages="138",
	Month="Jul"
}


@book{STV04,
	author    = {Bernhard, Sch\"olkopf and Koji, Tsuda and Jean-Philippe, Vert},
	title     = {Kernel Methods in Computational Biology},
	publisher = {MIT Press},
	year      = {2004}
}

@preprint{2018_jmva_perrot,
	author = {Perrot, M. and Lévy-Leduc, C. and Sansonnet, L. and Chiquet, J.},
	title = {Variable selection in multivariate linear models with high-dimensional covariance matrix estimation},
	year = {2018},
	journal = {to appear, J. Multivar. Anal.},
	fjournal = {Journal of Multivariate Analysis},
	arxiv = {{https://arxiv.org/abs/1707.04145}}
}

@Article{LBW17,
	Author="Litzenburger, U. M.  and Buenrostro, J. D.  and Wu, B.  and Shen, Y.  and Sheffield, N. C.  and Kathiria, A.  and Greenleaf, W. J.  and Chang, H. Y. ",
	Title="{{S}ingle-cell epigenomic variability reveals functional cancer heterogeneity}",
	Journal="Genome Biol.",
	Year="2017",
	Volume="18",
	Number="1",
	Pages="15",
	Month="Jan"
}
@article{RN5642,
	author = {Walczak, A. M. and Sasai, M. and Wolynes, P. G.},
	title = {Self-consistent proteomic field theory of stochastic gene switches},
	journal = {Biophys J},
	volume = {88},
	number = {2},
	pages = {828-50},
	ISSN = {0006-3495 (Print)
	0006-3495 (Linking)},
	DOI = {10.1529/biophysj.104.050666},
	url = {http://www.ncbi.nlm.nih.gov/pubmed/15542546},
	year = {2005},
	type = {Journal Article}
}
@article{belkin2003laplacian,
  title={Laplacian eigenmaps for dimensionality reduction and data representation},
  author={Belkin, Mikhail and Niyogi, Partha},
  journal={Neural computation},
  volume={15},
  number={6},
  pages={1373--1396},
  year={2003},
  publisher={MIT Press}
}

@article{balasubramanian2002isomap,
  title={The isomap algorithm and topological stability},
  author={Balasubramanian, Mukund and Schwartz, Eric L},
  journal={Science},
  volume={295},
  number={5552},
  pages={7--7},
  year={2002},
  publisher={American Association for the Advancement of Science}
}

@Article{SBG10,
	author="St{\"a}dler, Nicolas
	and B{\"u}hlmann, Peter
	and vande Geer, Sara",
	title="L1-penalization for mixture regression models",
	journal="TEST",
	year="2010",
	month="Aug",
	day="01",
	volume="19",
	number="2",
	pages="209--256"}

@article{hinton2002stochastic,
  title={Stochastic neighbor embedding},
  author={Hinton, Geoffrey E and Roweis, Sam},
  journal={Advances in neural information processing systems},
  volume={15},
  year={2002}
}

@article{MH08,  
	author = {van der Maaten, Laurens and Hinton, Geoffrey},  
	journal = {Journal of Machine Learning Research},  
	pages = {2579--2605},  
	title = {Visualizing Data using {t-SNE} },  
	volume = 9,
	year = 2008
}


@Article{ADT13,
	Author="Amir, e. l. -A. D.  and Davis, K. L.  and Tadmor, M. D.  and Simonds, E. F.  and Levine, J. H.  and Bendall, S. C.  and Shenfeld, D. K.  and Krishnaswamy, S.  and Nolan, G. P.  and Pe'er, D. ",
	Title="{vi{S}{N}{E} enables visualization of high dimensional single-cell data and reveals phenotypic heterogeneity of leukemia}",
	Journal="Nat. Biotechnol.",
	Year="2013",
	Volume="31",
	Number="6",
	Pages="545--552",
	Month="Jun"
}

@ARTICLE{CA17,
	author = {{Carel}, L. and {Alquier}, P.},
	title = "{Simultaneous Dimension Reduction and Clustering via the NMF-EM Algorithm}",
	journal = {ArXiv e-prints},
	archivePrefix = "arXiv",
	eprint = {1709.03346},
	primaryClass = "stat.AP",
	keywords = {Statistics - Applications},
	year = 2017,
	month = sep,
	adsurl = {http://adsabs.harvard.edu/abs/2017arXiv170903346C},
	adsnote = {Provided by the SAO/NASA Astrophysics Data System}
}




@article{chen2008extended,
	title={Extended Bayesian information criteria for model selection with large model spaces},
	author={Chen, Jiahua and Chen, Zehua},
	journal={Biometrika},
	volume={95},
	number={3},
	pages={759--771},
	year={2008},
	publisher={Oxford University Press}
}

@Article{BPR16,
	Author="Bonafede, E.  and Picard, F.  and Robin, S.  and Viroli, C. ",
	Title="{{M}odeling overdispersion heterogeneity in differential expression analysis using mixtures}",
	Journal="Biometrics",
	Year="2016",
	Volume="72",
	Number="3",
	Pages="804--814",
	Month="09"
}
@Article{SWD17,
	Author="Sun, Z.  and Wang, T.  and Deng, K.  and Wang, X. F.  and Lafyatis, R.  and Ding, Y.  and Hu, M.  and Chen, W. ",
	Title="{{D}{I}{M}{M}-{S}{C}: a {D}irichlet mixture model for clustering droplet-based single cell transcriptomic data}",
	Journal="Bioinformatics",
	Year="2018",
	Volume="34",
	Number="1",
	Pages="139--146",
	Month="01"
}

@PROCEEDINGS{DMM18,
	author = {Durif, Ghislain and Modolo, Laurent, and Mold, Jeff E. and Lambert-Lacroix, Sophie and Picard, Franck},
	title = {Probabilistic Count Matrix Factorization for Single Cell Expression Data Analysis},
	booktitle = {Proc. of the 22nd Annual International Conference on
	Research in Computational Molecular Biology (RECOMB, Paris, France, April 2018)},  
	series = {Lecture Notes in Computer Science},
	publisher = {Springer},
	address = {Berlin, Germany},
	year = {2018}
}

@article {ZLD17,
	author = {Zamanighomi, Mahdi and Lin, Zhixiang and Daley, Timothy and Schep, Alicia and Greenleaf, William James and Wong, Wing Hung},
	title = {Unsupervised Clustering And Epigenetic Classification Of Single Cells},
	year = {2017},
	doi = {10.1101/143701},
	publisher = {Cold Spring Harbor Laboratory},	
	journal = {bioRxiv}
}
@article {BCH17,
	author = {Baker, Syed Murtuza and Rogerson, Connor and Hayes, Andrew and Sharrocks, Andrew D. and Rattray, Magnus},
	title = {Classifying cells with Scasat - a tool to analyse single-cell ATAC-seq},
	year = {2017},
	doi = {10.1101/227397},
	publisher = {Cold Spring Harbor Laboratory},		
	journal = {bioRxiv}
}

@article{vinh2010information,
	title={Information theoretic measures for clusterings comparison: Variants, properties, normalization and correction for chance},
	author={Vinh, Nguyen Xuan and Epps, Julien and Bailey, James},
	journal={Journal of Machine Learning Research},
	volume={11},
	number={Oct},
	pages={2837--2854},
	year={2010}
}



@Misc{aricode,
	author = 	 {Chiquet, Julien and Rigaill, Guillem},
	title = 	 {aricode: a package for efficient computations of standard clustering comparison measures},
	howpublished = {https://github.com/jchiquet/aricode},
	year = 	 {2017},
}

@article{von2010clustering,
	title={Clustering stability: An overview},
	author={Von Luxburg, Ulrike and others},
	journal={Foundations and Trends{\textregistered} in Machine Learning},
	volume={2},
	number={3},
	pages={235--274},
	year={2010},
	publisher={Now Publishers, Inc.}
}

@article{chiquet2011inferring,
	title={Inferring multiple graphical structures},
	author={Chiquet, Julien and Grandvalet, Yves and Ambroise, Christophe},
	journal={Statistics and Computing},
	volume={21},
	number={4},
	pages={537--553},
	year={2011},
	publisher={Springer}
}
@article{haury2012tigress,
	title={TIGRESS: trustful inference of gene regulation using stability selection},
	author={Haury, Anne-Claire and Mordelet, Fantine and Vera-Licona, Paola and Vert, Jean-Philippe},
	journal={BMC systems biology},
	volume={6},
	number={1},
	pages={145},
	year={2012},
	publisher={BioMed Central}
}

@Article{GLM14,
	Author="Ghandi, M.  and Lee, D.  and Mohammad-Noori, M.  and Beer, M. A. ",
	Title="{{E}nhanced regulatory sequence prediction using gapped k-mer features}",
	Journal="PLoS Comput. Biol.",
	Year="2014",
	Volume="10",
	Number="7",
	Pages="e1003711",
	Month="Jul"
}


@Article{CPT11,
	Author="Compeau, P. E.  and Pevzner, P. A.  and Tesler, G. ",
	Title="{{H}ow to apply de {B}ruijn graphs to genome assembly}",
	Journal="Nat. Biotechnol.",
	Year="2011",
	Volume="29",
	Number="11",
	Pages="987--991",
	Month="Nov"
}


@Article{AV16,
	Author="Aggarwala, V.  and Voight, B. F. ",
	Title="{{A}n expanded sequence context model broadly explains variability in polymorphism levels across the human genome}",
	Journal="Nat. Genet.",
	Year="2016",
	Volume="48",
	Number="4",
	Pages="349--355",
	Month="Apr"
}




@article{Svensson_2017,
	author = {Svensson, V. and Vento-Tormo, R. and Teichmann, S.},
	title = {Exponential scaling of single-cell RNAseq in the last decade},
	journal = {BioRxiv preprint},
	volume = {},
	pages = {},
	year = {2017},
	type = {Journal Article}
}

@article{Greene2017,
	author = {Greene, J. A. and Loscalzo, J.},
	title = {Putting the Patient Back Together - Social Medicine, Network Medicine, and the Limits of Reductionism},
	journal = {N Engl J Med},
	volume = {377},
	number = {25},
	pages = {2493-2499},
	ISSN = {1533-4406 (Electronic)
	0028-4793 (Linking)},
	DOI = {10.1056/NEJMms1706744},
	url = {https://www.ncbi.nlm.nih.gov/pubmed/29262277},
	year = {2017},
	type = {Journal Article}
}

@article{VandenBerge2018,
	author="Van den Berge, Koen
	and Perraudeau, Fanny
	and Soneson, Charlotte
	and Love, Michael I.
	and Risso, Davide
	and Vert, Jean-Philippe
	and Robinson, Mark D.
	and Dudoit, Sandrine
	and Clement, Lieven",
	title="Observation weights unlock bulk RNA-seq tools for zero inflation and single-cell applications",
	journal="Genome Biology",
	year="2018",
	month="Feb",
	day="26",
	volume="19",
	number="1",
	pages="24",
	abstract="Dropout events in single-cell RNA sequencing (scRNA-seq) cause many transcripts to go undetected and induce an excess of zero read counts, leading to power issues in differential expression (DE) analysis. This has triggered the development of bespoke scRNA-seq DE methods to cope with zero inflation. Recent evaluations, however, have shown that dedicated scRNA-seq tools provide no advantage compared to traditional bulk RNA-seq tools. We introduce a weighting strategy, based on a zero-inflated negative binomial model, that identifies excess zero counts and generates gene- and cell-specific weights to unlock bulk RNA-seq DE pipelines for zero-inflated data, boosting performance for scRNA-seq.",
	issn="1474-760X",
	doi="10.1186/s13059-018-1406-4",
	url="https://doi.org/10.1186/s13059-018-1406-4"
}

@article{Kern2005,
	author        = {K{\ae}rn, Mads and Elston, Timothy C and Blake, William J and Collins, James J},
	title         = {Stochasticity in gene expression: from theories to phenotypes},
	journal       = {Nature Reviews Genetics},
	year          = {2005},
	volume        = {6},
	number        = {6},
	pages         = {451},
	publisher     = {Nature Publishing Group},
}

@article{Ziegenhain2017,
	author        = {Ziegenhain, Christoph and Vieth, Beate and Parekh, Swati and Reinius, Bj{\"o}rn and Guillaumet-Adkins, Amy and Smets, Martha and Leonhardt, Heinrich and Heyn, Holger and Hellmann, Ines and Enard, Wolfgang},
	title         = {Comparative analysis of single-cell RNA sequencing methods},
	journal       = {Molecular cell},
	year          = {2017},
	volume        = {65},
	number        = {4},
	pages         = {631--643},
	publisher     = {Elsevier},
}

@article{Fiers_2018,
	author = {Fiers, Mwej and Minnoye, L. and Aibar, S. and Bravo Gonzalez-Blas, C. and Kalender Atak, Z. and Aerts, S.},
	title = {Mapping gene regulatory networks from single-cell omics data},
	journal = {Brief Funct Genomics},
	ISSN = {2041-2657 (Electronic)
	2041-2649 (Linking)},
	DOI = {10.1093/bfgp/elx046},
	url = {https://www.ncbi.nlm.nih.gov/pubmed/29342231},
	year = {2018},
	type = {Journal Article}
}

@article{Polynikins_2009,
	author = {Polynikis, A. and Hogan, S. J. and di Bernardo, M.},
	title = {Comparing different ODE modelling approaches for gene regulatory networks},
	journal = {J Theor Biol},
	volume = {261},
	number = {4},
	pages = {511-30},
	ISSN = {1095-8541 (Electronic)
	0022-5193 (Linking)},
	DOI = {10.1016/j.jtbi.2009.07.040},
	url = {https://www.ncbi.nlm.nih.gov/pubmed/19665034},
	year = {2009},
	type = {Journal Article}
}



@article{Zhao_2006,
	author = {Zhao, Wentao and Serpedin, Erchin and Dougherty, Edward R.},
	title = {Inferring gene regulatory networks from time series data using the minimum description length principle},
	journal = {Bioinformatics},
	volume = {22},
	number = {17},
	pages = {2129-2135},
	ISSN = {1367-4803},
	DOI = {10.1093/bioinformatics/btl364},
	url = {http://dx.doi.org/10.1093/bioinformatics/btl364},
	year = {2006},
	type = {Journal Article}
}

@article{Bansal_2007,
	author = {Bansal, M. and Belcastro, V. and Ambesi-Impiombato, A. and Di Bernardo, D.},
	title = {How to infer gene networks from protein profiles},
	journal = {Mol. Syst. Biol.},
	volume = {3},
	pages = {1-10},
	year = {2007},
	type = {Journal Article}
}

@article{Akutsu_1999,
	author = {T.Akutsu,S.Miyano,S.Kuhara},
	title = {Identification of genetic networks from a small number of gene expression pattern under the Boolean model},
	journal = {Pacific Symp. Biocomput.},
	volume = {4},
	pages = {17-28},
	year = {1999},
	type = {Journal Article}
}

@article{Saadatpour_2013,
	author = {Saadatpour, Assieh and Albert, R\'eka},
	title = {Boolean modeling of biological regulatory networks: A methodology tutorial},
	journal = {Methods},
	volume = {62},
	number = {1},
	pages = {3-12},
	ISSN = {1046-2023},
	DOI = {https://doi.org/10.1016/j.ymeth.2012.10.012},
	url = {http://www.sciencedirect.com/science/article/pii/S1046202312002770},
	year = {2013},
	type = {Journal Article}
}

@article{Vinh_2012,
	author = {Vinh, N. X. and Chetty, M. and Coppel, R. and Wangikar, P. P.},
	title = {Gene regulatory network modeling via global optimization of high order Dynamic Bayesian Networks},
	journal = {BMC Bioinf.},
	volume = {27},
	pages = {2765-2766},
	year = {2012},
	type = {Journal Article}
}

@article{Dojer_2006,
	author = {Dojer, Norbert and Gambin, Anna and Mizera, Andrzej and Wilczynski, Bartek and Tiuryn, Jerzy},
	title = {Applying dynamic Bayesian networks to perturbed gene expression data},
	journal = {BMC Bioinformatics},
	volume = {7},
	number = {1},
	pages = {249},
	ISSN = {1471-2105},
	DOI = {10.1186/1471-2105-7-249},
	url = {https://doi.org/10.1186/1471-2105-7-249},
	year = {2006},
	type = {Journal Article}
}

@article{Chai_2014,
	author = {Chai, L. E. and Loh, S. K. and Low, S. T. and Mohamad, M. S. and Deris, S. and Zakaria, Z.},
	title = {A review on the computational approaches for gene regulatory network construction},
	journal = {Comput Biol Med},
	volume = {48},
	pages = {55-65},
	ISSN = {1879-0534 (Electronic)
	0010-4825 (Linking)},
	DOI = {S0010-4825(14)00042-0 [pii]
	10.1016/j.compbiomed.2014.02.011},
	url = {http://www.ncbi.nlm.nih.gov/entrez/query.fcgi?cmd=Retrieve&db=PubMed&dopt=Citation&list_uids=24637147
	http://www.computersinbiologyandmedicine.com/article/S0010-4825(14)00042-0/abstract},
	year = {2014},
	type = {Journal Article}
}


@article{Creixell_2012,
	title={Navigating cancer network attractors for tumor-specific therapy},
	author={Creixell, Pau and Schoof, Erwin M and Erler, Janine T and Linding, Rune},
	journal={Nature biotechnology},
	volume={30},
	number={9},
	pages={842},
	year={2012},
	publisher={Nature Publishing Group}
}

@article{Madhamshettiwar2012,
	author = {Madhamshettiwar, P. B. and Maetschke, S. R. and Davis, M. J. and Reverter, A. and Ragan, M. A.},
	title = {Gene regulatory network inference: evaluation and application to ovarian cancer allows the prioritization of drug targets},
	journal = {Genome Med},
	volume = {4},
	number = {5},
	pages = {41},
	ISSN = {1756-994X (Electronic)
	1756-994X (Linking)},
	DOI = {10.1186/gm340},
	url = {https://www.ncbi.nlm.nih.gov/pubmed/22548828},
	year = {2012},
	type = {Journal Article}
}

@article{Babtie2017,
	author = {Babtie, AC. and Chan, T. E. and Stumpf, M. P. H.},
	title = {Learning regulatory models for cell development from single cell transcriptomic data},
	journal = {Current Opinion in Systems Biology},
	volume = {5},
	pages = {72D81},
	year = {2017},
	type = {Journal Article}
}


@article{Lis_2017,
	author = {Lis, Raphael and Karrasch, Charles C. and Poulos, Michael G. and Kunar, Balvir and Redmond, David and Duran, Jose G. Barcia and Badwe, Chaitanya R. and Schachterle, William and Ginsberg, Michael and Xiang, Jenny and Tabrizi, Arash Rafii and Shido, Koji and Rosenwaks, Zev and Elemento, Olivier and Speck, Nancy A. and Butler, Jason M. and Scandura, Joseph M. and Rafii, Shahin},
	title = {Conversion of adult endothelium to immunocompetent haematopoietic stem cells},
	journal = {Nature},
	volume = {545},
	pages = {439},
	DOI = {10.1038/nature22326},
	url = {http://dx.doi.org/10.1038/nature22326
	https://www.nature.com/articles/nature22326.pdf},
	year = {2017},
	type = {Journal Article}
}

@article{Ieda_2010,
	title={Direct reprogramming of fibroblasts into functional cardiomyocytes by defined factors},
	author={Ieda, Masaki and Fu, Ji-Dong and Delgado-Olguin, Paul and Vedantham, Vasanth and Hayashi, Yohei and Bruneau, Benoit G and Srivastava, Deepak},
	journal={Cell},
	volume={142},
	number={3},
	pages={375--386},
	year={2010},
	publisher={Elsevier}
}


@article{Sugimura_2017,
	author = {Sugimura, Ryohichi and Jha, Deepak Kumar and Han, Areum and Soria-Valles, Clara and da Rocha, Edroaldo Lummertz and Lu, Yi-Fen and Goettel, Jeremy A. and Serrao, Erik and Rowe, R. Grant and Malleshaiah, Mohan and Wong, Irene and Sousa, Patricia and Zhu, Ted N. and Ditadi, Andrea and Keller, Gordon and Engelman, Alan N. and Snapper, Scott B. and Doulatov, Sergei and Daley, George Q.},
	title = {Haematopoietic stem and progenitor cells from human pluripotent stem cells},
	journal = {Nature},
	volume = {545},
	pages = {432},
	DOI = {10.1038/nature22370},
	url = {http://dx.doi.org/10.1038/nature22370
	https://www.nature.com/articles/nature22370.pdf},
	year = {2017},
	type = {Journal Article}
}

@article{macneil_2011,
	title={Gene regulatory networks and the role of robustness and stochasticity in the control of gene expression},
	author={MacNeil, Lesley T and Walhout, Albertha JM},
	journal={Genome research},
	volume={21},
	number={5},
	pages={645--657},
	year={2011},
	publisher={Cold Spring Harbor Lab}
}

@article{Besag1974,
	title={Spatial interaction and the statistical analysis of lattice systems},
	author={Besag, Julian},
	journal={Journal of the Royal Statistical Society. Series B (Methodological)},
	pages={192--236},
	year={1974},
	publisher={JSTOR}
}
@article{NMR2017,
	title={Estimating the effect of joint interventions from observational data in sparse high-dimensional settings},
	author={Nandy, Preetam and Maathuis, Marloes H and Richardson, Thomas S and others},
	journal={The Annals of Statistics},
	volume={45},
	number={2},
	pages={647--674},
	year={2017},
	publisher={Institute of Mathematical Statistics}
}




@Article{TRH15,
	Author="Thurman, R. E.  and Rynes, E.  and Humbert, R.  and Vierstra, J.  and Maurano, M. T.  and Haugen, E.  and Sheffield, N. C.  and Stergachis, A. B.  and Wang, H.  and Vernot, B.  and Garg, K.  and John, S.  and Sandstrom, R.  and Bates, D.  and Boatman, L.  and Canfield, T. K.  and Diegel, M.  and Dunn, D.  and Ebersol, A. K.  and Frum, T.  and Giste, E.  and Johnson, A. K.  and Johnson, E. M.  and Kutyavin, T.  and Lajoie, B.  and Lee, B. K.  and Lee, K.  and London, D.  and Lotakis, D.  and Neph, S.  and Neri, F.  and Nguyen, E. D.  and Qu, H.  and Reynolds, A. P.  and Roach, V.  and Safi, A.  and Sanchez, M. E.  and Sanyal, A.  and Shafer, A.  and Simon, J. M.  and Song, L.  and Vong, S.  and Weaver, M.  and Yan, Y.  and Zhang, Z.  and Zhang, Z.  and Lenhard, B.  and Tewari, M.  and Dorschner, M. O.  and Hansen, R. S.  and Navas, P. A.  and Stamatoyannopoulos, G.  and Iyer, V. R.  and Lieb, J. D.  and Sunyaev, S. R.  and Akey, J. M.  and Sabo, P. J.  and Kaul, R.  and Furey, T. S.  and Dekker, J.  and Crawford, G. E.  and Stamatoyannopoulos, J. A. ",
	Title="{{T}he accessible chromatin landscape of the human genome}",
	Journal="Nature",
	Year="2012",
	Volume="489",
	Number="7414",
	Pages="75--82",
	Month="Sep"
}


@article{RN5939,
	author = {Vershik, A. M.},
	title = {Long history of the Monge-Kantorovich transportation problem},
	journal = {Math. Intelligencer},
	volume = {35},
	pages = {1-9},
	year = {2013},
	type = {Journal Article}
}



@article{choi2017,
	author = { Choi Yoonha  and  Coram Marc  and  Peng Jie  and  Tang Hua },
	title = {A Poisson Log-Normal Model for Constructing Gene Covariation Network Using RNA-seq Data},
	journal = {Journal of Computational Biology},
	volume = {24},
	number = {7},
	pages = {721-731},
	year = {2017},
	doi = {10.1089/cmb.2017.0053},
	note ={PMID: 28557607},
}


@inproceedings{yang2013,
	title={On Poisson graphical models},
	author={Yang, Eunho and Ravikumar, Pradeep K and Allen, Genevera I and Liu, Zhandong},
	booktitle={Advances in Neural Information Processing Systems},
	pages={1718--1726},
	year={2013}
}


@article{RN4354,
	author = {Munsky, B. and Trinh, B. and Khammash, M.},
	title = {Listening to the noise: random fluctuations reveal gene network parameters},
	journal = {Mol Syst Biol},
	volume = {5},
	pages = {318},
	ISSN = {1744-4292 (Electronic)},
	DOI = {msb200975 [pii]
	10.1038/msb.2009.75},
	url = {http://www.ncbi.nlm.nih.gov/entrez/query.fcgi?cmd=Retrieve&db=PubMed&dopt=Citation&list_uids=19888213},
	year = {2009},
	type = {Journal Article}
}


@article{RN5888,
	author = {Fiers, Mwej and Minnoye, L. and Aibar, S. and Bravo Gonzalez-Blas, C. and Kalender Atak, Z. and Aerts, S.},
	title = {Mapping gene regulatory networks from single-cell omics data},
	journal = {Brief Funct Genomics},
	ISSN = {2041-2657 (Electronic)
	2041-2649 (Linking)},
	DOI = {10.1093/bfgp/elx046},
	url = {https://www.ncbi.nlm.nih.gov/pubmed/29342231},
	year = {2018},
	type = {Journal Article}
}



@article{RN5617,
	author = {Mojtahedi, M. and Skupin, A. and Zhou, J. and Castano, I. G. and Leong-Quong, R. Y. and Chang, H. and Trachana, K. and Giuliani, A. and Huang, S.},
	title = {Cell Fate Decision as High-Dimensional Critical State Transition},
	journal = {PLoS Biol},
	volume = {14},
	number = {12},
	pages = {e2000640},
	ISSN = {1545-7885 (Electronic)
	1544-9173 (Linking)},
	DOI = {10.1371/journal.pbio.2000640},
	url = {http://www.ncbi.nlm.nih.gov/pubmed/28027308},
	year = {2016},
	type = {Journal Article}
}


@article{RN5938,
	author = {Torre, E. and Dueck, H. and Shaffer, S. and Gospocic, J. and Gupte, R. and Bonasio, R. and Kim, J. and Murray, J. and Raj, A.},
	title = {Rare Cell Detection by Single-Cell RNA Sequencing as Guided by Single-Molecule RNA FISH},
	journal = {Cell Syst},
	volume = {6},
	number = {2},
	pages = {171-179 e5},
	ISSN = {2405-4712 (Print)
	2405-4712 (Linking)},
	DOI = {10.1016/j.cels.2018.01.014},
	url = {https://www.ncbi.nlm.nih.gov/pubmed/29454938},
	year = {2018},
	type = {Journal Article}
}


@article{RN5863,
	author = {Bhaduri, A. and Nowakowski, T.J. and Pollen, A.A. and Kriegstein, A.R.},
	title = {Saturating single-cell atlas datasets},
	journal = {bioRxiv},
	year = {2017},
	type = {Journal Article}
}


@article{RN5869,
	author = {Cao, J. and Packer, S.J. and Ramani, V. and Cusanovich, D.A. and Huynh, C. and Daza, R. and Qiu, X. and Lee, C. and Furlan, S.N. and Steemers, F.J. and Adey, A. and Waterston, R.H. and Trapnell, C. and Shendure, J.},
	title = {Comprehensive single cell transcriptional profiling of a multicellular organism by combinatorial indexing},
	journal = {bioRxiv},
	year = {2017},
	type = {Journal Article}
}


@article{RN5709,
	author = {Rosenberg, A.B. and Roco, C. and Muscat, R.A. and Kuchina, A. and Mukherjee, S. and Chen, W. and Peeler, D.J. and Yao, Z. and Tasic, B. and Sellers, D.L. and Pun, S.H. and Seelig, G},
	title = {Scaling single cell transcriptomics through split pool barcoding},
	journal = {bioRxiv},
	volume = {doi: https://doi.org/10.1101/105163},
	year = {2017},
	type = {Journal Article}
}


@article{RN5896,
	author = {Ziegenhain, C. and Vieth, B. and Parekh, S. and Reinius, B. and Guillaumet-Adkins, A. and Smets, M. and Leonhardt, H. and Heyn, H. and Hellmann, I. and Enard, W.},
	title = {Comparative Analysis of Single-Cell RNA Sequencing Methods},
	journal = {Mol Cell},
	volume = {65},
	number = {4},
	pages = {631-643 e4},
	ISSN = {1097-4164 (Electronic)
	1097-2765 (Linking)},
	DOI = {10.1016/j.molcel.2017.01.023},
	url = {https://www.ncbi.nlm.nih.gov/pubmed/28212749},
	year = {2017},
	type = {Journal Article}
}



@article{RN5831,
	author = {Kelsey, G. and Stegle, O. and Reik, W.},
	title = {Single-cell epigenomics: Recording the past and predicting the future},
	journal = {Science},
	volume = {358},
	number = {6359},
	pages = {69-75},
	ISSN = {1095-9203 (Electronic)
	0036-8075 (Linking)},
	DOI = {10.1126/science.aan6826},
	url = {https://www.ncbi.nlm.nih.gov/pubmed/28983045},
	year = {2017},
	type = {Journal Article}
}

@Article{MHM16,
	Author="Meinshausen, N.  and Hauser, A.  and Mooij, J. M.  and Peters, J.  and Versteeg, P.  and Buhlmann, P. ",
	Title="{{M}ethods for causal inference from gene perturbation experiments and validation}",
	Journal="Proc. Natl. Acad. Sci. U.S.A.",
	Year="2016",
	Volume="113",
	Number="27",
	Pages="7361--7368",
	Month="07"
}



@article{LBM16,
	author = {Lopez-Maestre, Hélène and Brinza, Lilia and Marchet, Camille and Kielbassa, Janice and Bastien, Sylvère and Boutigny, Mathilde and Monnin, David and Filali, Adil El and Carareto, Claudia Marcia and Vieira, Cristina and Picard, Franck and Kremer, Natacha and Vavre, Fabrice and Sagot, Marie-France and Lacroix, Vincent},
	title = {SNP calling from RNA-seq data without a reference genome: identification, quantification, differential analysis and impact on the protein sequence},
	journal = {Nucleic Acids Research},
	volume = {44},
	number = {19},
	pages = {e148},
	year = {2016}
}

@article{DMM17,
	author = {Durif, Ghislain and Modolo, Laurent and Michaelsson, Jakob and Mold, Jeff E and Lambert-Lacroix, Sophie and Picard, Franck},
	title = {High dimensional classification with combined adaptive sparse PLS and logistic regression},
	journal = {Bioinformatics},
	pages = {btx571},
	year = {2017}
}

@article{MB06,
	author = "Meinshausen, Nicolai and Bühlmann, Peter",
	doi = "10.1214/009053606000000281",
	fjournal = "The Annals of Statistics",
	journal = "Ann. Statist.",
	number = "3",
	pages = "1436--1462",
	title = "High-dimensional graphs and variable selection with the Lasso",
	volume = "34",
	year = "2006"
}

@article{BAL08,
	title={Model selection through sparse maximum likelihood estimation for multivariate gaussian or binary data},
	author={Banerjee, Onureena and Ghaoui, Laurent El and d’Aspremont, Alexandre},
	journal={Journal of Machine learning research},
	volume={9},
	number={Mar},
	pages={485--516},
	year={2008}
}

@article{FHT08,
	title={Sparse inverse covariance estimation with the graphical lasso},
	author={Friedman, Jerome and Hastie, Trevor and Tibshirani, Robert},
	journal={Biostatistics},
	volume={9},
	number={3},
	pages={432--441},
	year={2008},
	publisher={Oxford University Press}
}
@Article{YZ08,
	Author="Y.-B. He and Z. Geng",
	Title="Active Learning of Causal Networks with Intervention Experiments and Optimal Designs ",
	Journal="JMLR",
	Year="2008",
	Volume="9",
	Pages="2523--2547"
}


@article{IPR16,
	author  = {St{{\'e}}phane Ivanoff and Franck Picard and Vincent Rivoirard},
	title   = {Adaptive Lasso and group-Lasso for functional Poisson regression},
	journal = {Journal of Machine Learning Research},
	year    = {2016},
	volume  = {17},
	number  = {55},
	pages   = {1-46}  
}
@Article{B63,
	Author="Bartlett, M.S.",
	Title="{The Spectral Analysis of Point Processes}",
	Journal="JRSS-B",
	Year="1963",
	Volume="25",
	Number="2",
	Pages="264--296"   
}

@Article{SWB17,
	Author="Schep, A. N.  and Wu, B.  and Buenrostro, J. D.  and Greenleaf, W. J. ",
	Title="{chrom{V}{A}{R}: inferring transcription-factor-associated accessibility from single-cell epigenomic data}",
	Journal="Nat. Methods",
	Year="2017",
	Volume="14",
	Number="10",
	Pages="975--978",
	Month="Oct"
}



@Article{RRS15,
	Author="Rotem, A.  and Ram, O.  and Shoresh, N.  and Sperling, R. A.  and Goren, A.  and Weitz, D. A.  and Bernstein, B. E. ",
	Title="{{S}ingle-cell {C}h{I}{P}-seq reveals cell subpopulations defined by chromatin state}",
	Journal="Nat. Biotechnol.",
	Year="2015",
	Volume="33",
	Number="11",
	Pages="1165--1172",
	Month="Nov"
}

@Article{BWL15,
	Author="Buenrostro, J. D.  and Wu, B.  and Litzenburger, U. M.  and Ruff, D.  and Gonzales, M. L.  and Snyder, M. P.  and Chang, H. Y.  and Greenleaf, W. J. ",
	Title="{{S}ingle-cell chromatin accessibility reveals principles of regulatory variation}",
	Journal="Nature",
	Year="2015",
	Volume="523",
	Number="7561",
	Pages="486--490",
	Month="Jul"
}


@article{MBP10,
	author = {Mairal, Julien and Bach, Francis and Ponce, Jean and Sapiro, Guillermo},
	title = {Online Learning for Matrix Factorization and Sparse Coding},
	journal = {J. Mach. Learn. Res.},
	volume = {11},
	year = {2010},
	pages = {19--60}
}

@Article{PBF13,
	Author="Picelli, S.  and Bjorklund, A. K.  and Faridani, O. R.  and Sagasser, S.  and Winberg, G.  and Sandberg, R. ",
	Title="{{S}mart-seq2 for sensitive full-length transcriptome profiling in single cells}",
	Journal="Nat. Methods",
	Year="2013",
	Volume="10",
	Number="11",
	Pages="1096--1098",
	Month="Nov"
}
@Article{ZLC12,
	Author="Zong, C.  and Lu, S.  and Chapman, A. R.  and Xie, X. S. ",
	Title="{{G}enome-wide detection of single-nucleotide and copy-number variations of a single human cell}",
	Journal="Science",
	Year="2012",
	Volume="338",
	Number="6114",
	Pages="1622--1626",
	Month="Dec"
}

@Article{BNC15,
	Author="Buettner, F.  and Natarajan, K. N.  and Casale, F. P.  and Proserpio, V.  and Scialdone, A.  and Theis, F. J.  and Teichmann, S. A.  and Marioni, J. C.  and Stegle, O. ",
	Title="{{C}omputational analysis of cell-to-cell heterogeneity in single-cell {R}{N}{A}-sequencing data reveals hidden subpopulations of cells}",
	Journal="Nat. Biotechnol.",
	Year="2015",
	Volume="33",
	Number="2",
	Pages="155--160",
	Month="Feb"
}

@Article{TCG14,
	Author="Trapnell, C.  and Cacchiarelli, D.  and Grimsby, J.  and Pokharel, P.  and Li, S.  and Morse, M.  and Lennon, N. J.  and Livak, K. J.  and Mikkelsen, T. S.  and Rinn, J. L. ",
	Title="{{T}he dynamics and regulators of cell fate decisions are revealed by pseudotemporal ordering of single cells}",
	Journal="Nat. Biotechnol.",
	Year="2014",
	Volume="32",
	Number="4",
	Pages="381--386",
	Month="Apr"
}
% 26627738 
@Article{PAG15,
	Author="Paul, F.  and Arkin, Y.  and Giladi, A.  and Jaitin, D. A.  and Kenigsberg, E.  and Keren-Shaul, H.  and Winter, D.  and Lara-Astiaso, D.  and Gury, M.  and Weiner, A.  and David, E.  and Cohen, N.  and Lauridsen, F. K.  and Haas, S.  and Schlitzer, A.  and Mildner, A.  and Ginhoux, F.  and Jung, S.  and Trumpp, A.  and Porse, B. T.  and Tanay, A.  and Amit, I. ",
	Title="{{T}ranscriptional {H}eterogeneity and {L}ineage {C}ommitment in {M}yeloid {P}rogenitors}",
	Journal="Cell",
	Year="2015",
	Volume="163",
	Number="7",
	Pages="1663--1677",
	Month="Dec"
}
@Article{GST99,
	Author="Golub, T. R.  and Slonim, D. K.  and Tamayo, P.  and Huard, C.  and Gaasenbeek, M.  and Mesirov, J. P.  and Coller, H.  and Loh, M. L.  and Downing, J. R.  and Caligiuri, M. A.  and Bloomfield, C. D.  and Lander, E. S. ",
	Title="{{M}olecular classification of cancer: class discovery and class prediction by gene expression monitoring}",
	Journal="Science",
	Year="1999",
	Volume="286",
	Number="5439",
	Pages="531--537",
	Month="Oct"
}
@Article{WRY16,
	Author="Wagner, A.  and Regev, A.  and Yosef, N. ",
	Title="{{R}evealing the vectors of cellular identity with single-cell genomics}",
	Journal="Nat. Biotechnol.",
	Year="2016",
	Volume="34",
	Number="11",
	Pages="1145--1160",
	Month="Nov"
}
@Article{PY15,
	Author="Pierson, E.  and Yau, C. ",
	Title="{{Z}{I}{F}{A}: {D}imensionality reduction for zero-inflated single-cell gene expression analysis}",
	Journal="Genome Biol.",
	Year="2015",
	Volume="16",
	Pages="241",
	Month="Nov"
}


@article {IYA17,
	author = {Inouye, David I. and Yang, Eunho and Allen, Genevera I. and Ravikumar, Pradeep},
	title = {A review of multivariate distributions for count data derived from the Poisson distribution},
	journal = {Wiley Interdisciplinary Reviews: Computational Statistics},
	volume = {9},
	number = {3},
	year = {2017}
}




@article{AiH89,
	title={The multivariate {P}oisson-log normal distribution},
	author={Aitchison, J. and Ho, C.H},
	journal={Biometrika},
	volume={76},
	number={4},
	pages={643--653},
	year={1989}
}

@Article{WaJ08,
	author =  {Wainwright, M. J. and Jordan, M. I.},
	title =  {Graphical Models, Exponential Families, and Variational Inference},
	journal =  {Found. Trends Mach. Learn.},
	year =  {2008},
	volume =  {1},
	number =  {1--2},
	pages =  {1--305}
}

@article{CMR17,
	title={Variational inference for probabilistic {P}oisson {PCA}},
	author={{Chiquet}, J. and {Mariadassou}, M. and {Robin}, S.},
	journal={arXiv}, 
	volume = {1703.06633},
	year={2017}
}

@article{RN5704,
	author = {Herbach, U. and Bonnaffoux, A. and Espinasse, T. and Gandrillon, O.},
	title = {Inferring gene regulatory networks from single-cell data: a mechanistic approach},
	journal = {BMC Systems Biology},
	volume = {11},
	pages = {105},
	year = {2017},
	type = {Journal Article}
}


@article{RN5941,
	author = {Consortium, The HCA},
	title = {THE HUMAN CELL ATLAS - White Paper},
	year = {2017},
	type = {Journal Article}
}



@article{RN5638,
	author = {Hormoz, S. and Singer, Z. S. and Linton, J. M. and Antebi, Y. E. and Shraiman, B. I. and Elowitz, M. B.},
	title = {Inferring Cell-State Transition Dynamics from Lineage Trees and Endpoint Single-Cell Measurements},
	journal = {Cell Syst},
	volume = {3},
	number = {5},
	pages = {419-433 e8},   
	year = {2016},
	type = {Journal Article}
}

@article{RN5030,
	author = {MacArthur, B. D. and Lemischka, I. R.},
	title = {Statistical mechanics of pluripotency},
	journal = {Cell},
	volume = {154},
	number = {3},
	pages = {484-9},
	year = {2013}
}

@article{RN5825,
	author = {Richard, A. and Boullu, L. and Herbach, U. and Bonnafoux, A. and Morin, V. and Vallin, E. and Guillemin, A. and Papili Gao, N. and Gunawan, R. and Cosette, J. and Arnaud, O. and Kupiec, J. J. and Espinasse, T. and Gonin-Giraud, S. and Gandrillon, O.},
	title = {Single-Cell-Based Analysis Highlights a Surge in Cell-to-Cell Molecular Variability Preceding Irreversible Commitment in a Differentiation Process},
	journal = {PLoS Biol},
	volume = {14},
	number = {12},
	pages = {e1002585},
	ISSN = {1545-7885 (Electronic)
	1544-9173 (Linking)},
	year = {2016}
}

@article{RN5640,
	author = {Siegenthaler, C. and Gunawan, R.},
	title = {Assessment of network inference methods: how to cope with an underdetermined problem},
	journal = {PLoS One},
	volume = {9},
	number = {3},
	pages = {e90481},
	year = {2014},
	type = {Journal Article}
}

@article{RN5827,
	author = {Stumpf, P.S. and Smith, R.C.G. and Lenz, M. and Schuppert, A. and Müller, F.-J. and Babtie, A and Chan, T.E. and Stumpf, M.P.H. and Please, C.P. and Howison, S.D. and Arai, F. and MacArthur, B.D.},
	title = {Stem Cell Differentiation as a Non-Markov Stochastic Process},
	journal = {Cell Systems},
	volume = {5},
	pages = {268–282},
	year = {2017},
	type = {Journal Article}
}

@article{RN5549,
	author = {Symmons, O. and Raj, A.},
	title = {What's Luck Got to Do with It: Single Cells, Multiple Fates, and Biological Nondeterminism},
	journal = {Mol Cell},
	volume = {62},
	number = {5},
	pages = {788-802},      
	year = {2016},
	type = {Journal Article}
}

@article{RN5826,
	author = {Zahn, L. M.},
	title = {A Fantastic Voyage in Genomics},
	journal = {Science},
	volume = {358},
	number = {6359},
	pages = {56-57},
	year = {2017},
	type = {Journal Article}
}

@article{RN5810,
	author = {Stoeckius, M. and Hafemeister, C. and Stephenson, W. and Houck-Loomis, B. and Chattopadhyay, P. K. and Swerdlow, H. and Satija, R. and Smibert, P.},
	title = {Simultaneous epitope and transcriptome measurement in single cells},
	journal = {Nat Methods},
	volume = {14},
	number = {9},
	pages = {865-868},
	year = {2017},
	type = {Journal Article}
}

@article{Risso2017ZINB,
	author      = {Risso, D. and Perraudeau, F. and Gribkova, S. and Dudoit, S. and Vert, J.-P.},
	title       = {{A general and flexible method for signal extraction from single-cell RNA-seq data}},
	journal = {Nature Comm},
	volume = {9},
	number = {284},
	year        = {2018}  
}

@Article{VandenBerge2018Observation,
	author        = {Van den Berge, K. and Perraudeau, F. and Soneson, C. and Love, M. I and Risso, D. and Vert, J.-P. and Robinson, M. D. and Dudoit, S. and Clement, L.},
	title         = {Observation weights unlock bulk {RNA}-seq tools for zero inflation and single-cell applications},
	journal       = {Genome Biol.},
	year          = {2018},
	volume        = {19},
	pages         = {24},
	issue         = {1}
}

@Article{Kharchenko2014Bayesian,
	author      = {Kharchenko, P. V. and Silberstein, L. and Scadden, D. T.},
	title       = {Bayesian approach to single-cell differential expression analysis.},
	journal     = {Nat. Methods},
	year        = {2014},
	volume      = {11},
	number      = {7},
	pages       = {740--742}
}

@ARTICLE{Finak2015MAST,
	author      = {Finak, G. and McDavid, A. and Yajima, M. and Deng, J. and Gersuk, V. and Shalek, A. K. and Slichter, C. K. and Miller, H. W. and McElrath, M. J. and Prlic, M. and Linsley, P. S. and Gottardo, R.},
	title = {MAST: a flexible statistical framework for assessing transcriptional
	changes and characterizing heterogeneity in single-cell RNA sequencing
	data.},
	journal = {Genome Biol.},
	year = {2015},
	volume = {16},
	pages = {278}
}

@Article{Jaakkola2017Comparison,
	author          = {Jaakkola, M. K. and Seyednasrollah, F. and Mehmood, A. and Elo, L. L.},
	title           = {Comparison of methods to detect differentially expressed genes between single-cell populations.},
	journal         = {Briefings Bioinf.},
	year            = {2017},
	volume          = {18},
	pages           = {735--743}
}


@INCOLLECTION{Bottou2008Tradeoffs,
	author = {Bottou, L. and Bousquet, O.},
	title = {The Tradeoffs of Large Scale Learning},
	booktitle = {Adv. Neural. Inform. Process Syst.},
	publisher = {Curran Associates, Inc.},
	year = {2008},
	editor = {Platt, J. C. and Koller, D. and Singer, Y. and Roweis, S. T.},
	volume = {20},
	pages = {161--168}
}

@Article{Srivastava2014Dropout,
	author    = {Srivastava, N. and Hinton, G. and Krizhevsky, A. and Sutskever, I. and Salakhutdinov, R.},
	title     = {Dropout: A simple way to prevent neural networks from overfitting},
	journal   = {J. Mach. Learn. Res.},
	year      = {2014},
	volume    = {15},
	number    = {1},
	pages     = {1929--1958}
}

@TechReport{Khalfaoui2018DropLasso,
	author      = {Khalfaoui, B. and Vert, J.-P.},
	title       = {DropLasso: A robust variant of Lasso for single cell {RNA}-seq data},
	institution = {HAL},
	year        = {2018},
	number      = {01716704}
}
@InProceedings{Wager2014Altitude,
	author    = {Wager, S. and Fithian, W. and Wang, S. and Liang, P. S.},
	title     = {Altitude training: Strong bounds for single-layer dropout},
	booktitle = {Adv. Neural. Inform. Process Syst.},
	year      = {2014},
	editor    = {Z. Ghahramani and M. Welling and C. Cortes and N. D. Lawrence and K. Q. Weinberger},
	pages     = {100--108},
	publisher = {Curran Associates, Inc.}
}

@Book{Villani2009Optimal,
	title     = {Optimal transport, old and new},
	publisher = {Springer-Verlag Berlin Heidelberg},
	year      = {2009},
	author    = {Villani, C.},
	volume    = {338},
	series    = {Grundlehren der mathematischen Wissenschaften},
	doi       = {10.1007/978-3-540-71050-9},
	owner     = {jp},
	timestamp = {2018.03.23},
}

@InProceedings{Cuturi2013Sinkhorn,
	author        = {Cuturi, M.},
	title         = {Sinkhorn distances: Lightspeed computation of optimal transport},
	booktitle     = {Adv. {N}eural {I}nform. {P}rocess. {S}yst.},
	year          = {2013},
	pages         = {2292--2300}
}
@TechReport{Peyre2018Computational,
	author      = {Peyr\'e, G. and Cuturi, M.},
	title       = {Computational optimal transport},
	institution = {arXiv},
	year        = {2018},
	number      = {1803.00567}
}
@InProceedings{Goodfellow2014Generative,
	author        = {Goodfellow, I. and Pouget-Abadie, J. and Mirza, M. and Xu, B. and Warde-Farley, D. and Ozair, S. and Courville, A. and Bengio, Y.},
	title         = {Generative adversarial nets},
	booktitle     = {Adv. {N}eural {I}nform. {P}rocess. {S}yst.},
	year          = {2014},
	pages         = {2672--2680}
}
@InProceedings{Arjovsky2017Wassersteina,
	author        = {Arjovsky, M. and Chintala, S. and Bottou, L.},
	title         = {Wasserstein generative adversarial networks},
	booktitle     = {International Conference on Machine Learning},
	year          = {2017},
	pages         = {214--223},
	owner         = {jp},
	timestamp     = {2018.03.24},
}
@TechReport{Manno2017RNA,
	author      = {La Manno, G. and Soldatov, R.},
	title       = {RNA velocity in single cells},
	institution = {bioRxiv},
	year        = {2017},
	number      = {10.1101/206052}
}

@TechReport{Butler2017Integrated,
	author      = {Butler, A. and Satija, R.},
	title       = {Integrated analysis of single cell transcriptomic data across conditions, technologies, and species},
	institution = {bioRxiv},
	year        = {2017},
	number      = {10.1101/164889}
}
@ARTICLE{Ay2014Three,
	author = {Ay, F. and Bunnik, E. M. and Varoquaux, N. and Bol, S. M. and Prudhomme,
	J. and Vert, J.-P. and Noble, W. S. and {Le Roch}, K. G.},
	title = {Three-dimensional modeling of the P. falciparum genome during the
	erythrocytic cycle reveals a strong connection between genome architecture
	and gene expression.},
	journal = {Genome Res},
	year = {2014},
	volume = {24},
	pages = {974--988},
	number = {6}
}

@ARTICLE{Varoquaux2014statistical,
	author = {Varoquaux, N. and Ay, F. and Noble, W. S. and Vert, J.-P.},
	title = {A statistical approach for inferring the 3D structure of the genome.},
	journal = {Bioinformatics},
	year = {2014},
	volume = {30},
	pages = {i26--i33},
	number = {12},
	month = {Jun}
}

@Article{Lieberman-Aiden2009Comprehensive,
	author      = {Lieberman-Aiden, E. and van Berkum, N. L. and Williams, L. and Imakaev, M. and Ragoczy, T. and Telling, A. and Amit, I. and Lajoie, B. R. and Sabo, P. J. and Dorschner, M. O. and Sandstrom, R. and Bernstein, B. and Bender, M. A. and Groudine, M. and Gnirke, A. and Stamatoyannopoulos, J. and Mirny, L. A. and Lander, E. S. and Dekker, J.},
	title       = {Comprehensive mapping of long-range interactions reveals folding principles of the human genome.},
	journal     = {Science},
	year        = {2009},
	volume      = {326},
	number      = {5950},
	pages       = {289--293},
	month       = {Oct}
}
@ARTICLE{Nagano2013Single,
	author = {Nagano, Takashi and Lubling, Yaniv and Stevens, Tim J. and Schoenfelder,
	Stefan and Yaffe, Eitan and Dean, Wendy and Laue, Ernest D. and Tanay,
	Amos and Fraser, Peter},
	title = {Single-cell Hi-C reveals cell-to-cell variability in chromosome structure.},
	journal = {Nature},
	year = {2013},
	volume = {502},
	pages = {59--64},
	number = {7469}  
}

@Article{Flyamer2017Single,
	author          = {Flyamer, I. M and Gassler, J. and Imakaev, M. and Brandao, H. B. and Ulianov, S. V. and Abdennur, N. and Razin, S. V. and Mirny, L. A. and Tachibana-Konwalski, K/},
	title           = {Single-nucleus {Hi-C} reveals unique chromatin reorganization at oocyte-to-zygote transition.},
	journal         = {Nature},
	year            = {2017},
	volume          = {544},
	pages           = {110--114},
	month           = apr
}

@Article{Ramani2017Massively,
	author          = {Ramani, V. and Deng, X. and Qiu, R. and Gunderson, K. L. and Steemers, F. J. and Disteche, C. M. and Noble, W. S. and Duan, Z. and Shendure, J.},
	title           = {Massively multiplex single-cell {Hi-C}},
	journal         = {Nat. Methods},
	year            = {2017},
	volume          = {14},
	pages           = {263--266},
	month           = mar
}
@book{weiss2018introduction,
	title={An Introduction to Discrete-valued Time Series},
	author={Weiss, Christian},
	year={2018},
	publisher={John Wiley \& Sons}
}

@book{brockwell2013time,
	title={Time series: theory and methods},
	author={Brockwell, Peter J and Davis, Richard A},
	year={2013},
	publisher={Springer Science \& Business Media}
}

@article{cai2011constrained,
	title={A constrained l1 minimization approach to sparse precision matrix estimation},
	author={Cai, Tony and Liu, Weidong and Luo, Xi},
	journal={Journal of the American Statistical Association},
	volume={106},
	number={494},
	pages={594--607},
	year={2011},
	publisher={Taylor \& Francis}
}

@book{whittaker2009graphical,
	title={Graphical models in applied multivariate statistics},
	author={Whittaker, Joe},
	year={2009},
	publisher={Wiley Publishing}
}

@Article{Schiebinger2017Reconstruction,
	author        = {Schiebinger, G. and Shu, J. and Tabaka, M. and Cleary, B. and Subramanian, V. and Solomon, A. and Liu, S. and Lin, S. and Berube, P. and Lee, L. and Chen, J. and Brumbaugh, J. ad Rigollet, P. and Hochedlinger, K. and Jaenisch, R. and Regev, A. and Lander, E.},
	title         = {Reconstruction of developmental landscapes by optimal-transport analysis of single-cell gene expression sheds light on cellular reprogramming.},
	journal       = {bioRxiv},
	year          = {2017},
	volume        = {10.1101/191056}
}

@article{RN4616,
	author = {Suter, D. M. and Molina, N. and Gatfield, D. and Schneider, K. and Schibler, U. and Naef, F.},
	title = {Mammalian genes are transcribed with widely different bursting kinetics},
	journal = {Science},
	volume = {332},
	number = {6028},
	pages = {472-4},
	year = {2011},
	type = {Journal Article}
}

@article{RN5669,
	author = {Gao, P. N.  and Ud-Dean, M.S.M and Gunawan, R.},
	title = {SINCERITIES: Inferring gene regulatory networks from time-stamped single cell transcriptional expression profiles},
	journal = {bioRxiv},
	volume = {10.1101/089110 },
	year = {2017},
	type = {Journal Article}
}

@article{RN5600,
	author = {Albayrak, C. and Jordi, C. A. and Zechner, C. and Lin, J. and Bichsel, C. A. and Khammash, M. and Tay, S.},
	title = {Digital Quantification of Proteins and mRNA in Single Mammalian Cells},
	journal = {Mol Cell},
	volume = {61},
	number = {6},
	pages = {914-24},
	year = {2016},
	type = {Journal Article}
}

@article{RN5806,
	author = {Wagner, A. and Regev, A. and Yosef, N.},
	title = {Revealing the vectors of cellular identity with single-cell genomics},
	journal = {Nat Biotechnol},
	volume = {34},
	number = {11},
	pages = {1145-1160},
	year = {2016},
	type = {Journal Article}
}


@article{RN5829,
	author = {Zappia, L. and Phipson, B. and Oshlack, A.},
	title = {Splatter: simulation of single-cell RNA sequencing data},
	journal = {Genome Biol},
	volume = {18},
	number = {1},
	pages = {174},
	year = {2017},
	type = {Journal Article}
}


@article{RN5828,
	author = {Macaulay, I. C. and Ponting, C. P. and Voet, T.},
	title = {Single-Cell Multiomics: Multiple Measurements from Single Cells},
	journal = {Trends Genet},
	volume = {33},
	number = {2},
	pages = {155-168},
	year = {2017},
	type = {Journal Article}
}


@article{RN5737,
	author = {Semrau, S. and Goldmann, J. and Soumillon, M. and Mikkelsen, T. S. and Jaenisch, R. and van Oudenaarden, A.},
	title = {Dynamics of lineage commitment revealed by single-­cell transcriptomics of differentiating embryonic stem cells},
	journal = {bioRxiv},
	year = {2017},
	type = {Journal Article}
}

@article{RN5337,
	author = {Klein, A. M. and Mazutis, L. and Akartuna, I. and Tallapragada, N. and Veres, A. and Li, V. and Peshkin, L. and Weitz, D. A. and Kirschner, M. W.},
	title = {Droplet barcoding for single-cell transcriptomics applied to embryonic stem cells},
	journal = {Cell},
	volume = {161},
	number = {5},
	pages = {1187-201},
	ISSN = {1097-4172 (Electronic)
	0092-8674 (Linking)},
	DOI = {10.1016/j.cell.2015.04.044},
	url = {http://www.ncbi.nlm.nih.gov/pubmed/26000487},
	year = {2015},
	type = {Journal Article}
}


@article{allen2013sparse,
	Author = {Allen, Genevera I},
	Date-Added = {2018-02-02 14:46:59 +0000},
	Date-Modified = {2018-02-02 14:46:59 +0000},
	Journal = {arXiv preprint arXiv:1309.2895},
	Title = {Sparse and functional principal components analysis},
	Year = {2013}}

@article{boyd2011distributed,
	title={Distributed optimization and statistical learning via the alternating direction method of multipliers},
	author={Boyd, Stephen and Parikh, Neal and Chu, Eric and Peleato, Borja and Eckstein, Jonathan and others},
	journal={Foundations and Trends{\textregistered} in Machine learning},
	volume={3},
	number={1},
	pages={1--122},
	year={2011},
	publisher={Now Publishers, Inc.}
}

@article{parikh2014proximal,
	title={Proximal algorithms},
	author={Parikh, Neal and Boyd, Stephen and others},
	journal={Foundations and Trends{\textregistered} in Optimization},
	volume={1},
	number={3},
	pages={127--239},
	year={2014},
	publisher={Now Publishers, Inc.}
}

@inproceedings{zinkevich2010parallelized,
	title={Parallelized stochastic gradient descent},
	author={Zinkevich, Martin and Weimer, Markus and Li, Lihong and Smola, Alex J},
	booktitle={Advances in neural information processing systems},
	pages={2595--2603},
	year={2010}
}





@article{pytorch,
  title={Automatic differentiation in pytorch},
  author={Paszke, Adam and Gross, Sam and Chintala, Soumith and Chanan, Gregory and Yang, Edward and DeVito, Zachary and Lin, Zeming and Desmaison, Alban and Antiga, Luca and Lerer, Adam},
  year={2017}
}

@Manual{torch,
  title = {torch: Tensors and Neural Networks with 'GPU' Acceleration},
  author = {Daniel Falbel and Javier Luraschi},
  year = {2022},
  note = {https://torch.mlverse.org/docs, https://github.com/mlverse/torch},
}

@inproceedings{rprop,
  title={A direct adaptive method for faster backpropagation learning: The RPROP algorithm},
  author={Riedmiller, Martin and Braun, Heinrich},
  booktitle={IEEE international conference on neural networks},
  pages={586--591},
  year={1993},
  organization={IEEE}
}

@ARTICLE{PLNmodels,
  selected =     {true},
  ABBR =         {Front Ecol Evol},
  AUTHOR =	 {Chiquet, Julien and Mariadassou, Mahendra and Robin,
                  Stéphane},
  TITLE =	 {The Poisson-Lognormal Model as a Versatile Framework
                  for the Joint Analysis of Species Abundances},
  JOURNAL =	 {Frontiers in Ecology and Evolution},
  VOLUME =	 9,
  YEAR =	 2021,
  DOI =		 {10.3389/fevo.2021.588292},
}

@article{blei2017variational,
  title={Variational inference: A review for statisticians},
  author={Blei, David M and Kucukelbir, Alp and McAuliffe, Jon D},
  journal={Journal of the American statistical Association},
  volume={112},
  number={518},
  pages={859--877},
  year={2017},
  publisher={Taylor \& Francis}
}

@article{kingma2013auto,
  title={Auto-encoding variational bayes},
  author={Kingma, Diederik P and Welling, Max},
  journal={arXiv preprint arXiv:1312.6114},
  year={2013}
}

@Article{PLNPCA,
  author = {Julien Chiquet and Mahendra Mariadassou and Stéphane Robin},
  title = {Variational inference for probabilistic Poisson PCA},
  journal = {The Annals of Applied Statistics},
  year = {2018},
  volume = {12},
  pages = {2674--2698},
  url = {http://dx.doi.org/10.1214/18-AOAS1177},
}

@InProceedings{PLNnetwork,
  author = {Julien Chiquet and Mahendra Mariadassou and Stéphane Robin},
  title = {Variational inference for sparse network reconstruction from count data},
  booktitle = {Proceedings of the 19th International Conference on Machine Learning (ICML 2019)},
  year = {2019},
}

@Book{MKB79,
  title     = {Multivariate analysis},
  author    = {Mardia, K.V. and Kent, J.T. and Bibby, J.M.},
  publisher = {Academic press},
  year      = {1979}
}

@Article{AiH89,
  Title     = {The multivariate Poisson-log normal distribution},
  Author    = {Aitchison, J. and Ho, C.H.},
  Journal   = {Biometrika},
  Year      = {1989},
  Number    = {4},
  Pages     = {643--653},
  Volume    = {76},
  Publisher = {Oxford University Press}
}

@Manual{nlopt,
  Title                    = {The NLopt nonlinear-optimization package},
  Author                   = {Johnson, Steven G},
  Year                     = {2011},

  Url                      = {http://ab-initio.mit.edu/nlopt}
}

@Article{Svan02,
  Title                    = {A class of globally convergent optimization methods based on conservative convex separable approximations},
  Author                   = {Svanberg, Krister},
  Journal                  = {SIAM journal on optimization},
  Year                     = {2002},
  Number                   = {2},
  Pages                    = {555--573},
  Volume                   = {12},

  Publisher                = {SIAM}
}

@Article{TiB99,
  Title                    = {Probabilistic principal component analysis},
  Author                   = {Tipping, M. E and Bishop, C. M},
  Journal                  = {Journal of the Royal Statistical Society: Series B
 (Statistical Methodology)},
  Year                     = {1999},
  Number                   = {3},
  Pages                    = {611--622},
  Volume                   = {61},

  Publisher                = {Wiley Online Library}
}

@book{van2000asymptotic,
  title={Asymptotic statistics},
  author={Van der Vaart, Aad W},
  volume={3},
  year={2000},
  publisher={Cambridge university press}
}

@misc{Westling2015,
    title={Beyond prediction: A framework for inference with variational approximations in mixture models},
    author={Ted Westling and Tyler H. McCormick},
    year={2015},
    eprint={1510.08151},
    archivePrefix={arXiv},
    primaryClass={stat.ME}
}

@Article{Kar05,
  Title                    = {{EM} algorithm for mixed {P}oisson and other
 discrete distributions},
  Author                   = {Karlis, D.},
  Journal                  = {Astin bulletin},
  Year                     = {2005},
  Number                   = {01},
  Pages                    = {3--24},
  Volume                   = {35},

  Publisher                = {Cambridge Univ Press}
}

@Article{WaJ08,
  Title                    = {Graphical Models, Exponential Families, and
 Variational Inference},
  Author                   = {Wainwright, M. J. and Jordan, M. I.},
  Journal                  = {Found. Trends Mach. Learn.},
  Year                     = {2008},
  Number                   = {1--2},
  Pages                    = {1--305},
  Volume                   = {1}
}

@article{seninge2021vega,
  title={VEGA is an interpretable generative model for inferring biological network activity in single-cell transcriptomics},
  author={Seninge, Lucas and Anastopoulos, Ioannis and Ding, Hongxu and Stuart, Joshua},
  journal={Nature communications},
  volume={12},
  number={1},
  pages={1--9},
  year={2021},
  publisher={Nature Publishing Group}
}

@article{wang2018vasc,
  title={VASC: dimension reduction and visualization of single-cell RNA-seq data by deep variational autoencoder},
  author={Wang, Dongfang and Gu, Jin},
  journal={Genomics, proteomics \& bioinformatics},
  volume={16},
  number={5},
  pages={320--331},
  year={2018},
  publisher={Elsevier}
}

@inproceedings{dony2020variational,
  title={Variational autoencoders with flexible priors enable robust distribution learning on single-cell RNA sequencing data},
  author={Dony, Leander and K{\"o}nig, Martin and Fischer, D and Theis, Fabian J},
  booktitle={ICML 2020 Workshop on Computational Biology (WCB) Proceedings Paper},
  volume={37},
  year={2020}
}

@inproceedings{zhao2020variational,
  title={Variational autoencoders for sparse and overdispersed discrete data},
  author={Zhao, He and Rai, Piyush and Du, Lan and Buntine, Wray and Phung, Dinh and Zhou, Mingyuan},
  booktitle={International Conference on Artificial Intelligence and Statistics},
  pages={1684--1694},
  year={2020},
  organization={PMLR}
}

@article{lopez2018deep,
  title={Deep generative modeling for single-cell transcriptomics},
  author={Lopez, Romain and Regier, Jeffrey and Cole, Michael B and Jordan, Michael I and Yosef, Nir},
  journal={Nature methods},
  volume={15},
  number={12},
  pages={1053--1058},
  year={2018},
  publisher={Nature Publishing Group}
}

@article{gronbech2020scvae,
  title={scVAE: variational auto-encoders for single-cell gene expression data},
  author={Gr{\o}nbech, Christopher Heje and Vording, Maximillian Fornitz and Timshel, Pascal N and S{\o}nderby, Casper Kaae and Pers, Tune H and Winther, Ole},
  journal={Bioinformatics},
  volume={36},
  number={16},
  pages={4415--4422},
  year={2020},
  publisher={Oxford University Press}
}
@article{bahrami2021deep,
  title={Deep feature extraction of single-cell transcriptomes by generative adversarial network},
  author={Bahrami, Mojtaba and Maitra, Malosree and Nagy, Corina and Turecki, Gustavo and Rabiee, Hamid R and Li, Yue},
  journal={Bioinformatics},
  volume={37},
  number={10},
  pages={1345--1351},
  year={2021},
  publisher={Oxford Academic}
}
@article{zheng2017massively,
  title={Massively parallel digital transcriptional profiling of single cells},
  author={Zheng, Grace XY and Terry, Jessica M and Belgrader, Phillip and Ryvkin, Paul and Bent, Zachary W and Wilson, Ryan and Ziraldo, Solongo B and Wheeler, Tobias D and McDermott, Geoff P and Zhu, Junjie and others},
  journal={Nature communications},
  volume={8},
  number={1},
  pages={1--12},
  year={2017},
  publisher={Nature Publishing Group}
}
@article{baron2016single,
  title={A single-cell transcriptomic map of the human and mouse pancreas reveals inter-and intra-cell population structure},
  author={Baron, Maayan and Veres, Adrian and Wolock, Samuel L and Faust, Aubrey L and Gaujoux, Renaud and Vetere, Amedeo and Ryu, Jennifer Hyoje and Wagner, Bridget K and Shen-Orr, Shai S and Klein, Allon M and others},
  journal={Cell systems},
  volume={3},
  number={4},
  pages={346--360},
  year={2016},
  publisher={Elsevier}
}

@article{kingma2013auto,
  title={Auto-encoding variational bayes},
  author={Kingma, Diederik P and Welling, Max},
  journal={arXiv preprint arXiv:1312.6114},
  year={2013}
}
@article{loaiza2019continuous,
  title={The continuous Bernoulli: fixing a pervasive error in variational autoencoders},
  author={Loaiza-Ganem, Gabriel and Cunningham, John P},
  journal={Advances in Neural Information Processing Systems},
  volume={32},
  year={2019}
}

@article{rousseeuw1987silhouettes,
  title={Silhouettes: a graphical aid to the interpretation and validation of cluster analysis},
  author={Rousseeuw, Peter J},
  journal={Journal of computational and applied mathematics},
  volume={20},
  pages={53--65},
  year={1987},
  publisher={Elsevier}
}
@article{burda2015importance,
  title={Importance weighted autoencoders},
  author={Burda, Yuri and Grosse, Roger and Salakhutdinov, Ruslan},
  journal={arXiv preprint arXiv:1509.00519},
  year={2015}
}
